%YAML 1.1
%TAG !u! tag:unity3d.com,2011:
--- !u!29 &1
SceneSettings:
  m_ObjectHideFlags: 0
  m_PVSData: 
  m_PVSObjectsArray: []
  m_PVSPortalsArray: []
  m_OcclusionBakeSettings:
    smallestOccluder: 5
    smallestHole: .25
    backfaceThreshold: 100
--- !u!104 &2
RenderSettings:
  m_Fog: 1
  m_FogColor: {r: .505406559, g: .515524566, b: .558823526, a: .552941203}
  m_FogMode: 1
  m_FogDensity: .00999999978
  m_LinearFogStart: 200
  m_LinearFogEnd: 900
  m_AmbientLight: {r: .522058845, g: .522058845, b: .522058845, a: 1}
  m_SkyboxMaterial: {fileID: 2100000, guid: 931987be26c9646429c56f8a4692bb81, type: 2}
  m_HaloStrength: .5
  m_FlareStrength: 1
  m_FlareFadeSpeed: 3
  m_HaloTexture: {fileID: 0}
  m_SpotCookie: {fileID: 0}
  m_ObjectHideFlags: 0
--- !u!127 &3
LevelGameManager:
  m_ObjectHideFlags: 0
--- !u!157 &4
LightmapSettings:
  m_ObjectHideFlags: 0
  m_LightProbes: {fileID: 0}
  m_Lightmaps: []
  m_LightmapsMode: 1
  m_BakedColorSpace: 0
  m_UseDualLightmapsInForward: 0
  m_LightmapEditorSettings:
    m_Resolution: 50
    m_LastUsedResolution: 0
    m_TextureWidth: 1024
    m_TextureHeight: 1024
    m_BounceBoost: 1
    m_BounceIntensity: 1
    m_SkyLightColor: {r: .860000014, g: .930000007, b: 1, a: 1}
    m_SkyLightIntensity: 0
    m_Quality: 0
    m_Bounces: 1
    m_FinalGatherRays: 1000
    m_FinalGatherContrastThreshold: .0500000007
    m_FinalGatherGradientThreshold: 0
    m_FinalGatherInterpolationPoints: 15
    m_AOAmount: 0
    m_AOMaxDistance: .100000001
    m_AOContrast: 1
    m_LODSurfaceMappingDistance: 1
    m_Padding: 0
    m_TextureCompression: 0
    m_LockAtlas: 0
--- !u!196 &5
NavMeshSettings:
  m_ObjectHideFlags: 0
  m_BuildSettings:
    agentRadius: .5
    agentHeight: 2
    agentSlope: 45
    agentClimb: .400000006
    ledgeDropHeight: 0
    maxJumpAcrossDistance: 0
    accuratePlacement: 0
    minRegionArea: 2
    widthInaccuracy: 16.666666
    heightInaccuracy: 10
  m_NavMesh: {fileID: 0}
--- !u!1 &423104394
GameObject:
  m_ObjectHideFlags: 0
  m_PrefabParentObject: {fileID: 100000, guid: 9d4133d5d30b644bd87802a347eaccbe, type: 2}
  m_PrefabInternal: {fileID: 482421414}
  serializedVersion: 4
  m_Component:
  - 4: {fileID: 423104395}
  - 33: {fileID: 423104397}
  - 23: {fileID: 423104396}
  m_Layer: 2
  m_Name: Graphics
  m_TagString: Untagged
  m_Icon: {fileID: 0}
  m_NavMeshLayer: 0
  m_StaticEditorFlags: 0
  m_IsActive: 1
--- !u!4 &423104395
Transform:
  m_ObjectHideFlags: 0
  m_PrefabParentObject: {fileID: 400000, guid: 9d4133d5d30b644bd87802a347eaccbe, type: 2}
  m_PrefabInternal: {fileID: 482421414}
  m_GameObject: {fileID: 423104394}
  m_LocalRotation: {x: -0, y: 0, z: 0, w: 1}
  m_LocalPosition: {x: 1000, y: 1000, z: 1000}
  m_LocalScale: {x: .400000006, y: .5, z: .400000006}
  m_Children: []
  m_Father: {fileID: 818120744}
--- !u!23 &423104396
Renderer:
  m_ObjectHideFlags: 0
  m_PrefabParentObject: {fileID: 2300000, guid: 9d4133d5d30b644bd87802a347eaccbe,
    type: 2}
  m_PrefabInternal: {fileID: 482421414}
  m_GameObject: {fileID: 423104394}
  m_Enabled: 1
  m_CastShadows: 0
  m_ReceiveShadows: 0
  m_LightmapIndex: 255
  m_LightmapTilingOffset: {x: 1, y: 1, z: 0, w: 0}
  m_Materials:
  - {fileID: 10302, guid: 0000000000000000f000000000000000, type: 0}
  m_SubsetIndices: 
  m_StaticBatchRoot: {fileID: 0}
  m_UseLightProbes: 0
  m_LightProbeAnchor: {fileID: 0}
  m_ScaleInLightmap: 1
  m_SortingLayer: 0
  m_SortingOrder: 0
  m_SortingLayerID: 0
--- !u!33 &423104397
MeshFilter:
  m_ObjectHideFlags: 0
  m_PrefabParentObject: {fileID: 3300000, guid: 9d4133d5d30b644bd87802a347eaccbe,
    type: 2}
  m_PrefabInternal: {fileID: 482421414}
  m_GameObject: {fileID: 423104394}
  m_Mesh: {fileID: 10205, guid: 0000000000000000e000000000000000, type: 0}
--- !u!1 &445955566
GameObject:
  m_ObjectHideFlags: 0
  m_PrefabParentObject: {fileID: 100004, guid: 9d4133d5d30b644bd87802a347eaccbe, type: 2}
  m_PrefabInternal: {fileID: 482421414}
  serializedVersion: 4
  m_Component:
  - 4: {fileID: 445955567}
  - 20: {fileID: 445955572}
  - 92: {fileID: 445955571}
  - 124: {fileID: 445955570}
  - 114: {fileID: 445955569}
  - 81: {fileID: 445955568}
  - 114: {fileID: 445955573}
  - 114: {fileID: 445955574}
  m_Layer: 2
  m_Name: Main Camera
  m_TagString: MainCamera
  m_Icon: {fileID: 0}
  m_NavMeshLayer: 0
  m_StaticEditorFlags: 0
  m_IsActive: 1
--- !u!4 &445955567
Transform:
  m_ObjectHideFlags: 0
  m_PrefabParentObject: {fileID: 400004, guid: 9d4133d5d30b644bd87802a347eaccbe, type: 2}
  m_PrefabInternal: {fileID: 482421414}
  m_GameObject: {fileID: 445955566}
  m_LocalRotation: {x: 0, y: 0, z: 0, w: 1}
  m_LocalPosition: {x: 0, y: .907083511, z: 0}
  m_LocalScale: {x: 1, y: 1, z: 1}
  m_Children:
  - {fileID: 501293794}
  m_Father: {fileID: 818120744}
--- !u!81 &445955568
AudioListener:
  m_ObjectHideFlags: 0
  m_PrefabParentObject: {fileID: 8100000, guid: 9d4133d5d30b644bd87802a347eaccbe,
    type: 2}
  m_PrefabInternal: {fileID: 482421414}
  m_GameObject: {fileID: 445955566}
  m_Enabled: 1
--- !u!114 &445955569
MonoBehaviour:
  m_ObjectHideFlags: 0
  m_PrefabParentObject: {fileID: 11400006, guid: 9d4133d5d30b644bd87802a347eaccbe,
    type: 2}
  m_PrefabInternal: {fileID: 482421414}
  m_GameObject: {fileID: 445955566}
  m_Enabled: 1
  m_EditorHideFlags: 0
  m_Script: {fileID: 11500000, guid: 68ec2fe99d1108b9d0006a298d76c639, type: 3}
  m_Name: 
  m_EditorClassIdentifier: 
  axes: 2
  sensitivityX: 10
  sensitivityY: 10
  minimumX: 0
  maximumX: 360
  minimumY: -60
  maximumY: 60
--- !u!124 &445955570
Behaviour:
  m_ObjectHideFlags: 0
  m_PrefabParentObject: {fileID: 12400000, guid: 9d4133d5d30b644bd87802a347eaccbe,
    type: 2}
  m_PrefabInternal: {fileID: 482421414}
  m_GameObject: {fileID: 445955566}
  m_Enabled: 1
--- !u!92 &445955571
Behaviour:
  m_ObjectHideFlags: 0
  m_PrefabParentObject: {fileID: 9200000, guid: 9d4133d5d30b644bd87802a347eaccbe,
    type: 2}
  m_PrefabInternal: {fileID: 482421414}
  m_GameObject: {fileID: 445955566}
  m_Enabled: 1
--- !u!20 &445955572
Camera:
  m_ObjectHideFlags: 0
  m_PrefabParentObject: {fileID: 2000000, guid: 9d4133d5d30b644bd87802a347eaccbe,
    type: 2}
  m_PrefabInternal: {fileID: 482421414}
  m_GameObject: {fileID: 445955566}
  m_Enabled: 1
  serializedVersion: 2
  m_ClearFlags: 1
  m_BackGroundColor: {r: .19166474, g: .301966369, b: .474509805, a: 1}
  m_NormalizedViewPortRect:
    serializedVersion: 2
    x: 0
    y: 0
    width: 1
    height: 1
  near clip plane: .300000012
  far clip plane: 700
  field of view: 60
  orthographic: 0
  orthographic size: 100
  m_Depth: 0
  m_CullingMask:
    serializedVersion: 2
    m_Bits: 4294967295
  m_RenderingPath: -1
  m_TargetTexture: {fileID: 0}
  m_HDR: 0
  m_OcclusionCulling: 0
--- !u!114 &445955573
MonoBehaviour:
  m_ObjectHideFlags: 0
  m_PrefabParentObject: {fileID: 0}
  m_PrefabInternal: {fileID: 0}
  m_GameObject: {fileID: 445955566}
  m_Enabled: 1
  m_EditorHideFlags: 0
  m_Script: {fileID: 11500000, guid: 34c3946ab5378473cb34bedd1c8194ba, type: 3}
  m_Name: 
  m_EditorClassIdentifier: 
  fogMode: 0
  startDistance: 500
  globalDensity: .200000003
  heightScale: 300
  height: 0
  globalFogColor: {r: .520382762, g: .52638334, b: .566176474, a: .611764729}
  fogShader: {fileID: 4800000, guid: 70d8568987ac0499f952b54c7c13e265, type: 3}
--- !u!114 &445955574
MonoBehaviour:
  m_ObjectHideFlags: 0
  m_PrefabParentObject: {fileID: 0}
  m_PrefabInternal: {fileID: 0}
  m_GameObject: {fileID: 445955566}
  m_Enabled: 1
  m_EditorHideFlags: 0
  m_Script: {fileID: 11500000, guid: 34c3946ab5378473cb34bedd1c8194ba, type: 3}
  m_Name: 
  m_EditorClassIdentifier: 
  fogMode: 0
  startDistance: 300
  globalDensity: .400000006
  heightScale: 55
  height: 0
  globalFogColor: {r: .061310567, g: .154411793, b: .146706924, a: 1}
  fogShader: {fileID: 4800000, guid: 70d8568987ac0499f952b54c7c13e265, type: 3}
--- !u!1001 &482421414
Prefab:
  m_ObjectHideFlags: 0
  serializedVersion: 2
  m_Modification:
    m_TransformParent: {fileID: 0}
    m_Modifications:
    - target: {fileID: 400002, guid: 9d4133d5d30b644bd87802a347eaccbe, type: 2}
      propertyPath: m_LocalPosition.x
      value: -30.7649231
      objectReference: {fileID: 0}
    - target: {fileID: 400002, guid: 9d4133d5d30b644bd87802a347eaccbe, type: 2}
      propertyPath: m_LocalPosition.y
      value: 3.25786257
      objectReference: {fileID: 0}
    - target: {fileID: 400002, guid: 9d4133d5d30b644bd87802a347eaccbe, type: 2}
      propertyPath: m_LocalPosition.z
      value: -74.3138885
      objectReference: {fileID: 0}
    - target: {fileID: 400002, guid: 9d4133d5d30b644bd87802a347eaccbe, type: 2}
      propertyPath: m_LocalRotation.x
      value: 0
      objectReference: {fileID: 0}
    - target: {fileID: 400002, guid: 9d4133d5d30b644bd87802a347eaccbe, type: 2}
      propertyPath: m_LocalRotation.y
      value: 0
      objectReference: {fileID: 0}
    - target: {fileID: 400002, guid: 9d4133d5d30b644bd87802a347eaccbe, type: 2}
      propertyPath: m_LocalRotation.z
      value: 0
      objectReference: {fileID: 0}
    - target: {fileID: 400002, guid: 9d4133d5d30b644bd87802a347eaccbe, type: 2}
      propertyPath: m_LocalRotation.w
      value: 1
      objectReference: {fileID: 0}
    - target: {fileID: 11400002, guid: 9d4133d5d30b644bd87802a347eaccbe, type: 2}
      propertyPath: movement.maxForwardSpeed
      value: 100
      objectReference: {fileID: 0}
    - target: {fileID: 11400002, guid: 9d4133d5d30b644bd87802a347eaccbe, type: 2}
      propertyPath: movement.maxSidewaysSpeed
      value: 100
      objectReference: {fileID: 0}
    - target: {fileID: 11400002, guid: 9d4133d5d30b644bd87802a347eaccbe, type: 2}
      propertyPath: movement.maxBackwardsSpeed
      value: 100
      objectReference: {fileID: 0}
    - target: {fileID: 11400002, guid: 9d4133d5d30b644bd87802a347eaccbe, type: 2}
      propertyPath: movement.gravity
      value: 10
      objectReference: {fileID: 0}
    - target: {fileID: 11400002, guid: 9d4133d5d30b644bd87802a347eaccbe, type: 2}
      propertyPath: movement.maxAirAcceleration
      value: 100
      objectReference: {fileID: 0}
    - target: {fileID: 11400002, guid: 9d4133d5d30b644bd87802a347eaccbe, type: 2}
      propertyPath: movement.maxFallSpeed
      value: 100
      objectReference: {fileID: 0}
    - target: {fileID: 2000000, guid: 9d4133d5d30b644bd87802a347eaccbe, type: 2}
      propertyPath: field of view
      value: 60
      objectReference: {fileID: 0}
    - target: {fileID: 2000000, guid: 9d4133d5d30b644bd87802a347eaccbe, type: 2}
      propertyPath: m_RenderingPath
      value: -1
      objectReference: {fileID: 0}
    - target: {fileID: 2000000, guid: 9d4133d5d30b644bd87802a347eaccbe, type: 2}
      propertyPath: far clip plane
      value: 700
      objectReference: {fileID: 0}
    - target: {fileID: 2000000, guid: 9d4133d5d30b644bd87802a347eaccbe, type: 2}
      propertyPath: m_OcclusionCulling
      value: 0
      objectReference: {fileID: 0}
    - target: {fileID: 2000000, guid: 9d4133d5d30b644bd87802a347eaccbe, type: 2}
      propertyPath: m_CullingMask.m_Bits
      value: 4294967295
      objectReference: {fileID: 0}
    - target: {fileID: 2000000, guid: 9d4133d5d30b644bd87802a347eaccbe, type: 2}
      propertyPath: m_ClearFlags
      value: 1
      objectReference: {fileID: 0}
    - target: {fileID: 2000000, guid: 9d4133d5d30b644bd87802a347eaccbe, type: 2}
      propertyPath: m_HDR
      value: 0
      objectReference: {fileID: 0}
    - target: {fileID: 400002, guid: 9d4133d5d30b644bd87802a347eaccbe, type: 2}
      propertyPath: m_LocalScale.x
      value: .392110467
      objectReference: {fileID: 0}
    - target: {fileID: 400002, guid: 9d4133d5d30b644bd87802a347eaccbe, type: 2}
      propertyPath: m_LocalScale.y
      value: .392110467
      objectReference: {fileID: 0}
    - target: {fileID: 400002, guid: 9d4133d5d30b644bd87802a347eaccbe, type: 2}
      propertyPath: m_LocalScale.z
      value: .392110467
      objectReference: {fileID: 0}
    - target: {fileID: 100002, guid: 9d4133d5d30b644bd87802a347eaccbe, type: 2}
      propertyPath: m_IsActive
      value: 1
      objectReference: {fileID: 0}
    - target: {fileID: 100000, guid: 9d4133d5d30b644bd87802a347eaccbe, type: 2}
      propertyPath: m_Layer
      value: 2
      objectReference: {fileID: 0}
    - target: {fileID: 100004, guid: 9d4133d5d30b644bd87802a347eaccbe, type: 2}
      propertyPath: m_Layer
      value: 2
      objectReference: {fileID: 0}
    - target: {fileID: 100002, guid: 9d4133d5d30b644bd87802a347eaccbe, type: 2}
      propertyPath: m_Layer
      value: 2
      objectReference: {fileID: 0}
    - target: {fileID: 400000, guid: 9d4133d5d30b644bd87802a347eaccbe, type: 2}
      propertyPath: m_LocalPosition.y
      value: 1000
      objectReference: {fileID: 0}
    - target: {fileID: 400000, guid: 9d4133d5d30b644bd87802a347eaccbe, type: 2}
      propertyPath: m_LocalPosition.z
      value: 1000
      objectReference: {fileID: 0}
    - target: {fileID: 400000, guid: 9d4133d5d30b644bd87802a347eaccbe, type: 2}
      propertyPath: m_LocalPosition.x
      value: 1000
      objectReference: {fileID: 0}
    m_RemovedComponents: []
  m_ParentPrefab: {fileID: 100100000, guid: 9d4133d5d30b644bd87802a347eaccbe, type: 2}
  m_RootGameObject: {fileID: 818120739}
  m_IsPrefabParent: 0
  m_IsExploded: 1
--- !u!1 &501293793
GameObject:
  m_ObjectHideFlags: 0
  m_PrefabParentObject: {fileID: 0}
  m_PrefabInternal: {fileID: 0}
  serializedVersion: 4
  m_Component:
  - 4: {fileID: 501293794}
  - 33: {fileID: 501293797}
  - 23: {fileID: 501293795}
  m_Layer: 8
  m_Name: Under Water
  m_TagString: Untagged
  m_Icon: {fileID: 0}
  m_NavMeshLayer: 0
  m_StaticEditorFlags: 0
  m_IsActive: 1
--- !u!4 &501293794
Transform:
  m_ObjectHideFlags: 0
  m_PrefabParentObject: {fileID: 0}
  m_PrefabInternal: {fileID: 0}
  m_GameObject: {fileID: 501293793}
  m_LocalRotation: {x: 0, y: 0, z: 0, w: 1}
  m_LocalPosition: {x: 0, y: -0, z: 1}
  m_LocalScale: {x: 4, y: 2, z: 4}
  m_Children: []
  m_Father: {fileID: 445955567}
--- !u!23 &501293795
Renderer:
  m_ObjectHideFlags: 0
  m_PrefabParentObject: {fileID: 0}
  m_PrefabInternal: {fileID: 0}
  m_GameObject: {fileID: 501293793}
  m_Enabled: 1
  m_CastShadows: 0
  m_ReceiveShadows: 0
  m_LightmapIndex: 255
  m_LightmapTilingOffset: {x: 1, y: 1, z: 0, w: 0}
  m_Materials:
  - {fileID: 2100000, guid: da886c83cc78ff34ea8d258bef8c18d8, type: 2}
  m_SubsetIndices: 
  m_StaticBatchRoot: {fileID: 0}
  m_UseLightProbes: 0
  m_LightProbeAnchor: {fileID: 0}
  m_ScaleInLightmap: 1
  m_SortingLayer: 0
  m_SortingOrder: 0
  m_SortingLayerID: 0
--- !u!33 &501293797
MeshFilter:
  m_ObjectHideFlags: 0
  m_PrefabParentObject: {fileID: 0}
  m_PrefabInternal: {fileID: 0}
  m_GameObject: {fileID: 501293793}
  m_Mesh: {fileID: 10210, guid: 0000000000000000e000000000000000, type: 0}
--- !u!1 &658572040
GameObject:
  m_ObjectHideFlags: 0
  m_PrefabParentObject: {fileID: 100000, guid: 780611a67e8e941a2b3aa96e5915a793, type: 2}
  m_PrefabInternal: {fileID: 1539642601}
  serializedVersion: 4
  m_Component:
  - 4: {fileID: 658572041}
  - 33: {fileID: 658572044}
  - 23: {fileID: 658572043}
  - 114: {fileID: 658572042}
  m_Layer: 4
  m_Name: Daylight Water
  m_TagString: Untagged
  m_Icon: {fileID: 0}
  m_NavMeshLayer: 0
  m_StaticEditorFlags: 0
  m_IsActive: 1
--- !u!4 &658572041
Transform:
  m_ObjectHideFlags: 0
  m_PrefabParentObject: {fileID: 400000, guid: 780611a67e8e941a2b3aa96e5915a793, type: 2}
  m_PrefabInternal: {fileID: 1539642601}
  m_GameObject: {fileID: 658572040}
  m_LocalRotation: {x: 0, y: 0, z: 1, w: -4.37113883e-08}
  m_LocalPosition: {x: 0, y: -.300000012, z: 0}
  m_LocalScale: {x: 1, y: 1, z: 1}
  m_Children: []
  m_Father: {fileID: 972603746}
--- !u!114 &658572042
MonoBehaviour:
  m_ObjectHideFlags: 0
  m_PrefabParentObject: {fileID: 11400000, guid: 780611a67e8e941a2b3aa96e5915a793,
    type: 2}
  m_PrefabInternal: {fileID: 1539642601}
  m_GameObject: {fileID: 658572040}
  m_Enabled: 1
  m_EditorHideFlags: 0
  m_Script: {fileID: 11500000, guid: a3d3ef1a5bbfb4e0a910fbbe5830b1f9, type: 3}
  m_Name: 
  m_EditorClassIdentifier: 
  m_WaterMode: 2
  m_DisablePixelLights: 1
  m_TextureSize: 256
  m_ClipPlaneOffset: .0700000003
  m_ReflectLayers:
    serializedVersion: 2
    m_Bits: 0
  m_RefractLayers:
    serializedVersion: 2
    m_Bits: 4294967279
--- !u!23 &658572043
Renderer:
  m_ObjectHideFlags: 0
  m_PrefabParentObject: {fileID: 2300000, guid: 780611a67e8e941a2b3aa96e5915a793,
    type: 2}
  m_PrefabInternal: {fileID: 1539642601}
  m_GameObject: {fileID: 658572040}
  m_Enabled: 0
  m_CastShadows: 0
  m_ReceiveShadows: 0
  m_LightmapIndex: 255
  m_LightmapTilingOffset: {x: 1, y: 1, z: 0, w: 0}
  m_Materials:
  - {fileID: 2100000, guid: ae162c0523ab4468bb03ef160eb672e2, type: 2}
  m_SubsetIndices: 
  m_StaticBatchRoot: {fileID: 0}
  m_UseLightProbes: 0
  m_LightProbeAnchor: {fileID: 0}
  m_ScaleInLightmap: 1
  m_SortingLayer: 0
  m_SortingOrder: 0
  m_SortingLayerID: 0
--- !u!33 &658572044
MeshFilter:
  m_ObjectHideFlags: 0
  m_PrefabParentObject: {fileID: 3300000, guid: 780611a67e8e941a2b3aa96e5915a793,
    type: 2}
  m_PrefabInternal: {fileID: 1539642601}
  m_GameObject: {fileID: 658572040}
  m_Mesh: {fileID: 4300006, guid: ba6a41dc489914734857bb5924eb70ad, type: 3}
--- !u!1 &818120739
GameObject:
  m_ObjectHideFlags: 0
  m_PrefabParentObject: {fileID: 100002, guid: 9d4133d5d30b644bd87802a347eaccbe, type: 2}
  m_PrefabInternal: {fileID: 482421414}
  serializedVersion: 4
  m_Component:
  - 4: {fileID: 818120744}
  - 143: {fileID: 818120743}
  - 114: {fileID: 818120742}
  - 114: {fileID: 818120741}
  - 114: {fileID: 818120740}
  m_Layer: 2
  m_Name: First Person Controller
  m_TagString: Untagged
  m_Icon: {fileID: 0}
  m_NavMeshLayer: 0
  m_StaticEditorFlags: 0
  m_IsActive: 1
--- !u!114 &818120740
MonoBehaviour:
  m_ObjectHideFlags: 0
  m_PrefabParentObject: {fileID: 11400004, guid: 9d4133d5d30b644bd87802a347eaccbe,
    type: 2}
  m_PrefabInternal: {fileID: 482421414}
  m_GameObject: {fileID: 818120739}
  m_Enabled: 1
  m_EditorHideFlags: 0
  m_Script: {fileID: 11500000, guid: 60bca8f58a0b8478e946e6e86658cb29, type: 3}
  m_Name: 
  m_EditorClassIdentifier: 
--- !u!114 &818120741
MonoBehaviour:
  m_ObjectHideFlags: 0
  m_PrefabParentObject: {fileID: 11400002, guid: 9d4133d5d30b644bd87802a347eaccbe,
    type: 2}
  m_PrefabInternal: {fileID: 482421414}
  m_GameObject: {fileID: 818120739}
  m_Enabled: 1
  m_EditorHideFlags: 0
  m_Script: {fileID: 11500000, guid: 0ab79d7f243824f5d9826bd83522c8df, type: 3}
  m_Name: 
  m_EditorClassIdentifier: 
  canControl: 1
  useFixedUpdate: 1
  movement:
    maxForwardSpeed: 100
    maxSidewaysSpeed: 100
    maxBackwardsSpeed: 100
    slopeSpeedMultiplier:
      serializedVersion: 2
      m_Curve:
      - time: -90
        value: 1
        inSlope: 0
        outSlope: 0
        tangentMode: 0
      - time: 0
        value: 1
        inSlope: 0
        outSlope: 0
        tangentMode: 0
      - time: 90
        value: 0
        inSlope: 0
        outSlope: 0
        tangentMode: 0
      m_PreInfinity: 2
      m_PostInfinity: 2
    maxGroundAcceleration: 20
    maxAirAcceleration: 100
    gravity: 10
    maxFallSpeed: 100
  jumping:
    enabled: 1
    baseHeight: 1
    extraHeight: 1
    perpAmount: 0
    steepPerpAmount: .5
  movingPlatform:
    enabled: 1
    movementTransfer: 2
  sliding:
    enabled: 1
    slidingSpeed: 10
    sidewaysControl: 1
    speedControl: .400000006
--- !u!114 &818120742
MonoBehaviour:
  m_ObjectHideFlags: 0
  m_PrefabParentObject: {fileID: 11400000, guid: 9d4133d5d30b644bd87802a347eaccbe,
    type: 2}
  m_PrefabInternal: {fileID: 482421414}
  m_GameObject: {fileID: 818120739}
  m_Enabled: 1
  m_EditorHideFlags: 0
  m_Script: {fileID: 11500000, guid: 68ec2fe99d1108b9d0006a298d76c639, type: 3}
  m_Name: 
  m_EditorClassIdentifier: 
  axes: 1
  sensitivityX: 15
  sensitivityY: 0
  minimumX: -360
  maximumX: 360
  minimumY: 0
  maximumY: 0
--- !u!143 &818120743
CharacterController:
  m_ObjectHideFlags: 0
  m_PrefabParentObject: {fileID: 14300000, guid: 9d4133d5d30b644bd87802a347eaccbe,
    type: 2}
  m_PrefabInternal: {fileID: 482421414}
  m_GameObject: {fileID: 818120739}
  serializedVersion: 2
  m_Height: 2
  m_Radius: .400000006
  m_SlopeLimit: 45
  m_StepOffset: .400000006
  m_SkinWidth: .0500000007
  m_MinMoveDistance: 0
  m_Center: {x: 0, y: 0, z: 0}
--- !u!4 &818120744
Transform:
  m_ObjectHideFlags: 0
  m_PrefabParentObject: {fileID: 400002, guid: 9d4133d5d30b644bd87802a347eaccbe, type: 2}
  m_PrefabInternal: {fileID: 482421414}
  m_GameObject: {fileID: 818120739}
  m_LocalRotation: {x: 0, y: 0, z: 0, w: 1}
  m_LocalPosition: {x: -30.7649231, y: 3.25786257, z: -74.3138885}
  m_LocalScale: {x: .392110467, y: .392110467, z: .392110467}
  m_Children:
  - {fileID: 423104395}
  - {fileID: 445955567}
  m_Father: {fileID: 0}
--- !u!1 &972603742
GameObject:
  m_ObjectHideFlags: 0
  m_PrefabParentObject: {fileID: 100000, guid: 780611a67e8e941a2b3aa96e5915a793, type: 2}
  m_PrefabInternal: {fileID: 1724374659}
  serializedVersion: 4
  m_Component:
  - 4: {fileID: 972603746}
  - 33: {fileID: 972603745}
  - 23: {fileID: 972603744}
  - 114: {fileID: 972603743}
  m_Layer: 4
  m_Name: Daylight Water
  m_TagString: Untagged
  m_Icon: {fileID: 0}
  m_NavMeshLayer: 0
  m_StaticEditorFlags: 0
  m_IsActive: 1
--- !u!114 &972603743
MonoBehaviour:
  m_ObjectHideFlags: 0
  m_PrefabParentObject: {fileID: 11400000, guid: 780611a67e8e941a2b3aa96e5915a793,
    type: 2}
  m_PrefabInternal: {fileID: 1724374659}
  m_GameObject: {fileID: 972603742}
  m_Enabled: 1
  m_EditorHideFlags: 0
  m_Script: {fileID: 11500000, guid: a3d3ef1a5bbfb4e0a910fbbe5830b1f9, type: 3}
  m_Name: 
  m_EditorClassIdentifier: 
  m_WaterMode: 2
  m_DisablePixelLights: 1
  m_TextureSize: 256
  m_ClipPlaneOffset: .0700000003
  m_ReflectLayers:
    serializedVersion: 2
    m_Bits: 0
  m_RefractLayers:
    serializedVersion: 2
    m_Bits: 4294967023
--- !u!23 &972603744
Renderer:
  m_ObjectHideFlags: 0
  m_PrefabParentObject: {fileID: 2300000, guid: 780611a67e8e941a2b3aa96e5915a793,
    type: 2}
  m_PrefabInternal: {fileID: 1724374659}
  m_GameObject: {fileID: 972603742}
  m_Enabled: 1
  m_CastShadows: 0
  m_ReceiveShadows: 0
  m_LightmapIndex: 255
  m_LightmapTilingOffset: {x: 1, y: 1, z: 0, w: 0}
  m_Materials:
  - {fileID: 2100000, guid: ae162c0523ab4468bb03ef160eb672e2, type: 2}
  m_SubsetIndices: 
  m_StaticBatchRoot: {fileID: 0}
  m_UseLightProbes: 0
  m_LightProbeAnchor: {fileID: 0}
  m_ScaleInLightmap: 1
  m_SortingLayer: 0
  m_SortingOrder: 0
  m_SortingLayerID: 0
--- !u!33 &972603745
MeshFilter:
  m_ObjectHideFlags: 0
  m_PrefabParentObject: {fileID: 3300000, guid: 780611a67e8e941a2b3aa96e5915a793,
    type: 2}
  m_PrefabInternal: {fileID: 1724374659}
  m_GameObject: {fileID: 972603742}
  m_Mesh: {fileID: 4300006, guid: ba6a41dc489914734857bb5924eb70ad, type: 3}
--- !u!4 &972603746
Transform:
  m_ObjectHideFlags: 0
  m_PrefabParentObject: {fileID: 400000, guid: 780611a67e8e941a2b3aa96e5915a793, type: 2}
  m_PrefabInternal: {fileID: 1724374659}
  m_GameObject: {fileID: 972603742}
  m_LocalRotation: {x: 0, y: 0, z: 0, w: 1}
  m_LocalPosition: {x: 0, y: 0, z: 0}
  m_LocalScale: {x: 2000, y: 1, z: 2000}
  m_Children:
  - {fileID: 658572041}
  m_Father: {fileID: 0}
--- !u!1 &1334377624
GameObject:
  m_ObjectHideFlags: 0
  m_PrefabParentObject: {fileID: 0}
  m_PrefabInternal: {fileID: 0}
  serializedVersion: 4
  m_Component:
  - 4: {fileID: 1334377626}
  - 114: {fileID: 1334377625}
  - 114: {fileID: 1334377627}
  m_Layer: 0
  m_Name: MapBuilder
  m_TagString: Untagged
  m_Icon: {fileID: 0}
  m_NavMeshLayer: 0
  m_StaticEditorFlags: 0
  m_IsActive: 1
--- !u!114 &1334377625
MonoBehaviour:
  m_ObjectHideFlags: 0
  m_PrefabParentObject: {fileID: 0}
  m_PrefabInternal: {fileID: 0}
  m_GameObject: {fileID: 1334377624}
  m_Enabled: 1
  m_EditorHideFlags: 0
  m_Script: {fileID: 11500000, guid: 0ef1b21f3fbbd424990f45a254f738a8, type: 3}
  m_Name: 
  m_EditorClassIdentifier: 
  player: {fileID: 818120739}
  waterQuad: {fileID: 501293795}
  playerCamera: {fileID: 445955566}
  WaterPrefab: {fileID: 972603742}
  UnderwaterRenderer: {fileID: 658572043}
  chunkSize: {x: 400, y: 500, z: 400}
  HeightMapRes: 33
  scale: .00999999978
  SDAverageFactor: 1.79999995
  WaterTable: .133000001
  TreeBillboardDist: 100
  TreeDistance: 750
  CrossFadeLength: 60
  MaxTreeCount: 100
  BiomeRules:
  - minTemp: 0
    maxTemp: 1
  - minTemp: 0
    maxTemp: .5
  presortedTextureRules:
  - Texture: {fileID: 2800000, guid: e13ad7a9d4dc84697aaa540e7548d65b, type: 3}
    TileSize: {x: 128, y: 128}
    SteepnessMin: 0
    SteepnessMax: 0
    HeightMin: .300000012
    HeightMax: 1
    SplatIndex: 0
    biome: 0
    blend: 1
  - Texture: {fileID: 2800000, guid: c6e0767b1f8c34890ac245217f4b9731, type: 3}
    TileSize: {x: 32, y: 32}
    SteepnessMin: 0
    SteepnessMax: 0
    HeightMin: .129999995
    HeightMax: .319999993
    SplatIndex: 0
    biome: 0
    blend: 1
  - Texture: {fileID: 2800000, guid: 81610d5a58249449683de3278e6b7a5a, type: 3}
    TileSize: {x: 64, y: 64}
    SteepnessMin: 0
    SteepnessMax: 0
    HeightMin: 0
    HeightMax: .144999996
    SplatIndex: 0
    biome: 0
    blend: 1
  - Texture: {fileID: 2800000, guid: c6141b18755094f808d9c85956b9c28a, type: 3}
    TileSize: {x: 64, y: 64}
    SteepnessMin: 0
    SteepnessMax: 0
    HeightMin: .600000024
    HeightMax: 10
    SplatIndex: 0
    biome: 0
    blend: 1
  - Texture: {fileID: 2800000, guid: c6141b18755094f808d9c85956b9c28a, type: 3}
    TileSize: {x: 64, y: 64}
    SteepnessMin: 0
    SteepnessMax: 0
    HeightMin: .135000005
    HeightMax: .319999993
    SplatIndex: 0
    biome: 1
    blend: .75
  - Texture: {fileID: 2800000, guid: fb09b5570f5544f53848f02aac9c4f9c, type: 3}
    TileSize: {x: 64, y: 64}
    SteepnessMin: 0
    SteepnessMax: 0
    HeightMin: -10
    HeightMax: .100000001
    SplatIndex: 0
    biome: 0
    blend: 1
  treeRules:
  - prefab: {fileID: 100000, guid: 43202a31bd1113061100b7a844295342, type: 3}
    MinHeight: .159999996
    MaxHeight: .289999992
    NoiseThreshold: .400000006
    DensityPerPopulation: 1
    SpecialSplat: -1
  simplex:
    frequency: 1
    amplitude: 1.5
    lacunarity: 1.54999995
    gain: .5
    octaves: 8
    scale: 1
    yOffset: -.300000012
  treeSimplex:
    frequency: .300000012
    amplitude: 100
    lacunarity: 0
    gain: .200000003
    octaves: 1
    scale: 1
    yOffset: 0
  temperatureSimplex:
    frequency: .00100000005
    amplitude: 10
    lacunarity: .5
    gain: 1
    octaves: 9
    scale: 1
    yOffset: 0
  humiditySimplex:
    frequency: .00499999989
    amplitude: 1
    lacunarity: .5
    gain: 1
    octaves: 1
    scale: 1
    yOffset: 0
  diamond:
    H: 50
    scale: 5
    maxHeight: 200
--- !u!4 &1334377626
Transform:
  m_ObjectHideFlags: 0
  m_PrefabParentObject: {fileID: 0}
  m_PrefabInternal: {fileID: 0}
  m_GameObject: {fileID: 1334377624}
  m_LocalRotation: {x: 0, y: 0, z: 0, w: 1}
  m_LocalPosition: {x: 50, y: 0, z: -50}
  m_LocalScale: {x: 1, y: 1, z: 1}
  m_Children: []
  m_Father: {fileID: 0}
--- !u!114 &1334377627
MonoBehaviour:
  m_ObjectHideFlags: 0
  m_PrefabParentObject: {fileID: 0}
  m_PrefabInternal: {fileID: 0}
  m_GameObject: {fileID: 1334377624}
  m_Enabled: 1
  m_EditorHideFlags: 0
  m_Script: {fileID: 11500000, guid: d859e0074fb324540b5915473dc3ce73, type: 3}
  m_Name: 
  m_EditorClassIdentifier: 
--- !u!1 &1362628079
GameObject:
  m_ObjectHideFlags: 0
  m_PrefabParentObject: {fileID: 0}
  m_PrefabInternal: {fileID: 0}
  serializedVersion: 4
  m_Component:
  - 4: {fileID: 1362628081}
  - 108: {fileID: 1362628080}
  m_Layer: 0
  m_Name: Directional light
  m_TagString: Untagged
  m_Icon: {fileID: 0}
  m_NavMeshLayer: 0
  m_StaticEditorFlags: 0
  m_IsActive: 1
--- !u!108 &1362628080
Light:
  m_ObjectHideFlags: 0
  m_PrefabParentObject: {fileID: 0}
  m_PrefabInternal: {fileID: 0}
  m_GameObject: {fileID: 1362628079}
  m_Enabled: 1
  serializedVersion: 3
  m_Type: 1
  m_Color: {r: 1, g: 1, b: 1, a: 1}
  m_Intensity: .5
  m_Range: 10
  m_SpotAngle: 30
  m_CookieSize: 10
  m_Shadows:
    m_Type: 0
    m_Resolution: -1
    m_Strength: 1
    m_Bias: .0500000007
    m_Softness: 4
    m_SoftnessFade: 1
  m_Cookie: {fileID: 0}
  m_DrawHalo: 0
  m_ActuallyLightmapped: 0
  m_Flare: {fileID: 0}
  m_RenderMode: 0
  m_CullingMask:
    serializedVersion: 2
    m_Bits: 4294967295
  m_Lightmapping: 1
  m_ShadowSamples: 1
  m_ShadowRadius: 0
  m_ShadowAngle: 0
  m_IndirectIntensity: 1
  m_AreaSize: {x: 1, y: 1}
--- !u!4 &1362628081
Transform:
  m_ObjectHideFlags: 0
  m_PrefabParentObject: {fileID: 0}
  m_PrefabInternal: {fileID: 0}
  m_GameObject: {fileID: 1362628079}
  m_LocalRotation: {x: .5, y: 0, z: 0, w: .866025388}
  m_LocalPosition: {x: 0, y: 0, z: 0}
  m_LocalScale: {x: 1, y: 1, z: 1}
  m_Children: []
  m_Father: {fileID: 0}
--- !u!1001 &1539642601
Prefab:
  m_ObjectHideFlags: 0
  serializedVersion: 2
  m_Modification:
    m_TransformParent: {fileID: 972603746}
    m_Modifications:
    - target: {fileID: 400000, guid: 780611a67e8e941a2b3aa96e5915a793, type: 2}
      propertyPath: m_LocalPosition.x
      value: 0
      objectReference: {fileID: 0}
    - target: {fileID: 400000, guid: 780611a67e8e941a2b3aa96e5915a793, type: 2}
      propertyPath: m_LocalPosition.y
      value: -.300000012
      objectReference: {fileID: 0}
    - target: {fileID: 400000, guid: 780611a67e8e941a2b3aa96e5915a793, type: 2}
      propertyPath: m_LocalPosition.z
      value: 0
      objectReference: {fileID: 0}
    - target: {fileID: 400000, guid: 780611a67e8e941a2b3aa96e5915a793, type: 2}
      propertyPath: m_LocalRotation.x
      value: 0
      objectReference: {fileID: 0}
    - target: {fileID: 400000, guid: 780611a67e8e941a2b3aa96e5915a793, type: 2}
      propertyPath: m_LocalRotation.y
      value: 0
      objectReference: {fileID: 0}
    - target: {fileID: 400000, guid: 780611a67e8e941a2b3aa96e5915a793, type: 2}
      propertyPath: m_LocalRotation.z
      value: 1
      objectReference: {fileID: 0}
    - target: {fileID: 400000, guid: 780611a67e8e941a2b3aa96e5915a793, type: 2}
      propertyPath: m_LocalRotation.w
      value: -4.37113883e-08
      objectReference: {fileID: 0}
    - target: {fileID: 400000, guid: 780611a67e8e941a2b3aa96e5915a793, type: 2}
      propertyPath: m_LocalScale.x
      value: 1
      objectReference: {fileID: 0}
    - target: {fileID: 400000, guid: 780611a67e8e941a2b3aa96e5915a793, type: 2}
      propertyPath: m_LocalScale.z
      value: 1
      objectReference: {fileID: 0}
    - target: {fileID: 11400000, guid: 780611a67e8e941a2b3aa96e5915a793, type: 2}
      propertyPath: m_WaterMode
      value: 2
      objectReference: {fileID: 0}
    - target: {fileID: 400000, guid: 780611a67e8e941a2b3aa96e5915a793, type: 2}
      propertyPath: m_LocalScale.y
      value: 1
      objectReference: {fileID: 0}
    - target: {fileID: 11400000, guid: 780611a67e8e941a2b3aa96e5915a793, type: 2}
      propertyPath: m_ReflectLayers.m_Bits
      value: 0
      objectReference: {fileID: 0}
    - target: {fileID: 11400000, guid: 780611a67e8e941a2b3aa96e5915a793, type: 2}
      propertyPath: m_RefractLayers.m_Bits
      value: 4294967279
      objectReference: {fileID: 0}
    - target: {fileID: 2300000, guid: 780611a67e8e941a2b3aa96e5915a793, type: 2}
      propertyPath: m_Enabled
      value: 0
      objectReference: {fileID: 0}
    - target: {fileID: 11400000, guid: 780611a67e8e941a2b3aa96e5915a793, type: 2}
      propertyPath: m_Enabled
      value: 1
      objectReference: {fileID: 0}
    - target: {fileID: 100000, guid: 780611a67e8e941a2b3aa96e5915a793, type: 2}
      propertyPath: m_IsActive
      value: 1
      objectReference: {fileID: 0}
    - target: {fileID: 11400000, guid: 780611a67e8e941a2b3aa96e5915a793, type: 2}
      propertyPath: m_DisablePixelLights
      value: 1
      objectReference: {fileID: 0}
    - target: {fileID: 11400000, guid: 780611a67e8e941a2b3aa96e5915a793, type: 2}
      propertyPath: m_FarClip
      value: 200
      objectReference: {fileID: 0}
    m_RemovedComponents: []
  m_ParentPrefab: {fileID: 100100000, guid: 780611a67e8e941a2b3aa96e5915a793, type: 2}
  m_RootGameObject: {fileID: 658572040}
  m_IsPrefabParent: 0
  m_IsExploded: 1
--- !u!1001 &1724374659
Prefab:
  m_ObjectHideFlags: 0
  serializedVersion: 2
  m_Modification:
    m_TransformParent: {fileID: 0}
    m_Modifications:
    - target: {fileID: 400000, guid: 780611a67e8e941a2b3aa96e5915a793, type: 2}
      propertyPath: m_LocalPosition.x
      value: 0
      objectReference: {fileID: 0}
    - target: {fileID: 400000, guid: 780611a67e8e941a2b3aa96e5915a793, type: 2}
      propertyPath: m_LocalPosition.y
      value: 0
      objectReference: {fileID: 0}
    - target: {fileID: 400000, guid: 780611a67e8e941a2b3aa96e5915a793, type: 2}
      propertyPath: m_LocalPosition.z
      value: 0
      objectReference: {fileID: 0}
    - target: {fileID: 400000, guid: 780611a67e8e941a2b3aa96e5915a793, type: 2}
      propertyPath: m_LocalRotation.x
      value: 0
      objectReference: {fileID: 0}
    - target: {fileID: 400000, guid: 780611a67e8e941a2b3aa96e5915a793, type: 2}
      propertyPath: m_LocalRotation.y
      value: 0
      objectReference: {fileID: 0}
    - target: {fileID: 400000, guid: 780611a67e8e941a2b3aa96e5915a793, type: 2}
      propertyPath: m_LocalRotation.z
      value: 0
      objectReference: {fileID: 0}
    - target: {fileID: 400000, guid: 780611a67e8e941a2b3aa96e5915a793, type: 2}
      propertyPath: m_LocalRotation.w
      value: 1
      objectReference: {fileID: 0}
    - target: {fileID: 400000, guid: 780611a67e8e941a2b3aa96e5915a793, type: 2}
      propertyPath: m_LocalScale.x
      value: 2000
      objectReference: {fileID: 0}
    - target: {fileID: 400000, guid: 780611a67e8e941a2b3aa96e5915a793, type: 2}
      propertyPath: m_LocalScale.y
      value: 1
      objectReference: {fileID: 0}
    - target: {fileID: 400000, guid: 780611a67e8e941a2b3aa96e5915a793, type: 2}
      propertyPath: m_LocalScale.z
      value: 2000
      objectReference: {fileID: 0}
    - target: {fileID: 2300000, guid: 780611a67e8e941a2b3aa96e5915a793, type: 2}
      propertyPath: m_ReceiveShadows
      value: 0
      objectReference: {fileID: 0}
    - target: {fileID: 2300000, guid: 780611a67e8e941a2b3aa96e5915a793, type: 2}
      propertyPath: m_CastShadows
      value: 0
      objectReference: {fileID: 0}
    - target: {fileID: 11400000, guid: 780611a67e8e941a2b3aa96e5915a793, type: 2}
      propertyPath: m_ReflectLayers.m_Bits
      value: 0
      objectReference: {fileID: 0}
    - target: {fileID: 11400000, guid: 780611a67e8e941a2b3aa96e5915a793, type: 2}
      propertyPath: m_RefractLayers.m_Bits
      value: 4294967023
      objectReference: {fileID: 0}
    - target: {fileID: 2300000, guid: 780611a67e8e941a2b3aa96e5915a793, type: 2}
      propertyPath: m_Enabled
      value: 1
      objectReference: {fileID: 0}
    - target: {fileID: 11400000, guid: 780611a67e8e941a2b3aa96e5915a793, type: 2}
      propertyPath: m_DisablePixelLights
      value: 1
      objectReference: {fileID: 0}
    - target: {fileID: 11400000, guid: 780611a67e8e941a2b3aa96e5915a793, type: 2}
      propertyPath: m_WaterMode
      value: 2
      objectReference: {fileID: 0}
    - target: {fileID: 2300000, guid: 780611a67e8e941a2b3aa96e5915a793, type: 2}
      propertyPath: m_UseLightProbes
      value: 0
      objectReference: {fileID: 0}
    - target: {fileID: 11400000, guid: 780611a67e8e941a2b3aa96e5915a793, type: 2}
      propertyPath: m_FarClip
      value: 200
      objectReference: {fileID: 0}
    m_RemovedComponents: []
  m_ParentPrefab: {fileID: 100100000, guid: 780611a67e8e941a2b3aa96e5915a793, type: 2}
  m_RootGameObject: {fileID: 972603742}
  m_IsPrefabParent: 0
  m_IsExploded: 1
--- !u!1 &1872900417
GameObject:
  m_ObjectHideFlags: 0
  m_PrefabParentObject: {fileID: 0}
  m_PrefabInternal: {fileID: 0}
  serializedVersion: 4
  m_Component:
  - 4: {fileID: 1872900420}
  - 114: {fileID: 1872900419}
  - 154: {fileID: 1872900418}
  m_Layer: 0
  m_Name: DummyTerrain
  m_TagString: Untagged
  m_Icon: {fileID: 0}
  m_NavMeshLayer: 0
  m_StaticEditorFlags: 4294967295
  m_IsActive: 1
--- !u!154 &1872900418
TerrainCollider:
  m_ObjectHideFlags: 0
  m_PrefabParentObject: {fileID: 0}
  m_PrefabInternal: {fileID: 0}
  m_GameObject: {fileID: 1872900417}
  m_IsTrigger: 0
  m_Enabled: 0
  m_TerrainData: {fileID: 15600000, guid: 4d0844ad88b65cc48b1d607ea1bb937e, type: 2}
  m_CreateTreeColliders: 0
--- !u!114 &1872900419
MonoBehaviour:
  m_ObjectHideFlags: 0
  m_PrefabParentObject: {fileID: 0}
  m_PrefabInternal: {fileID: 0}
  m_GameObject: {fileID: 1872900417}
  m_Enabled: 1
  m_EditorHideFlags: 1
  m_Script: {fileID: 12000, guid: 0000000000000000e000000000000000, type: 0}
  m_Name: 
  m_EditorClassIdentifier: 
  m_TerrainData: {fileID: 15600000, guid: 4d0844ad88b65cc48b1d607ea1bb937e, type: 2}
  m_TreeDistance: 2000
  m_TreeBillboardDistance: 50
  m_TreeCrossFadeLength: 5
  m_TreeMaximumFullLODCount: 50
  m_DetailObjectDistance: 80
  m_DetailObjectDensity: 1
  m_HeightmapPixelError: 5
  m_SplatMapDistance: 1000
  m_HeightmapMaximumLOD: 0
  m_CastShadows: 1
  m_LightmapIndex: -1
  m_LightmapSize: 1024
  m_DrawTreesAndFoliage: 1
  m_MaterialTemplate: {fileID: 0}
--- !u!4 &1872900420
Transform:
  m_ObjectHideFlags: 0
  m_PrefabParentObject: {fileID: 0}
  m_PrefabInternal: {fileID: 0}
  m_GameObject: {fileID: 1872900417}
  m_LocalRotation: {x: 0, y: 0, z: 0, w: 1}
  m_LocalPosition: {x: -1111, y: -1111, z: -1111}
  m_LocalScale: {x: 1, y: 1, z: 1}
  m_Children: []
  m_Father: {fileID: 0}
